<record><leader>00000cas a2200000 a 4500</leader><controlfield tag="001">17296522</controlfield><controlfield tag="008">871231d19251927wauwr ne      0    0eng d</controlfield><datafield ind1=" " ind2=" " tag="010"><subfield code="a">sn 87093476 </subfield></datafield><datafield ind1=" " ind2=" " tag="040"><subfield code="a">SLZ</subfield><subfield code="b">eng</subfield><subfield code="c">SLZ</subfield><subfield code="d">OCL</subfield><subfield code="d">OCLCQ</subfield></datafield><datafield ind1=" " ind2=" " tag="042"><subfield code="a">msc</subfield></datafield><datafield ind1=" " ind2=" " tag="043"><subfield code="a">n-us-wa</subfield></datafield><datafield ind1="0" ind2="4" tag="245"><subfield code="a">The Charleston, head of the bay breeze.</subfield></datafield><datafield ind1="3" ind2="0" tag="246"><subfield code="a">Charleston breeze</subfield></datafield><datafield ind1=" " ind2=" " tag="260"><subfield code="a">Charleston, Wash. :</subfield><subfield code="b">[Head of the Bay Print. Co.]</subfield></datafield><datafield ind1=" " ind2=" " tag="300"><subfield code="a">v.</subfield></datafield><datafield ind1=" " ind2=" " tag="310"><subfield code="a">Weekly</subfield></datafield><datafield ind1="0" ind2=" " tag="362"><subfield code="a">Vol. 1, no. 1 (Sept. 17, 1925)-</subfield></datafield><datafield ind1="1" ind2=" " tag="362"><subfield code="a">Ceased in 1927.</subfield></datafield><datafield ind1=" " ind2=" " tag="500"><subfield code="a">Vol. 1, no. 1 preceded by two unnumbered issues: Head of the bay, and, Head of the bay breeze.</subfield></datafield><datafield ind1=" " ind2="0" tag="651"><subfield code="a">Charleston (Wash.)</subfield><subfield code="v">Newspapers.</subfield></datafield><datafield ind1=" " ind2=" " tag="752"><subfield code="a">United States</subfield><subfield code="b">Washington</subfield><subfield code="c">Kitsap</subfield><subfield code="d">Charleston.</subfield></datafield><datafield ind1="1" ind2=" " tag="029"><subfield code="a">AU@</subfield><subfield code="b">000025789172</subfield></datafield></record>